<?xml version="1.0" encoding="UTF-8"?>
  <record xmlns="http://www.loc.gov/MARC21/slim" type="Authority">
    <leader>00000nz  a2200000nc 4500</leader>
    <controlfield tag="001">040675254</controlfield>
    <controlfield tag="003">DE-101</controlfield>
    <controlfield tag="005">20210816191201.0</controlfield>
    <controlfield tag="008">880701n||azznnaabn           | ana    |c</controlfield>
    <datafield tag="024" ind1="7" ind2=" ">
      <subfield code="a">4067525-7</subfield>
      <subfield code="0">http://d-nb.info/gnd/4067525-7</subfield>
      <subfield code="2">gnd</subfield>
    </datafield>
    <datafield tag="024" ind1="7" ind2=" ">
      <subfield code="a">2804922</subfield>
      <subfield code="2">geonames</subfield>
    </datafield>
    <datafield tag="034" ind1=" " ind2=" ">
      <subfield code="d">E 012 08 12</subfield>
      <subfield code="e">E 012 08 12</subfield>
      <subfield code="f">N 051 02 58</subfield>
      <subfield code="g">N 051 02 58</subfield>
      <subfield code="2">geonames</subfield>
      <subfield code="0">https://sws.geonames.org/2804922</subfield>
      <subfield code="9">A:agx</subfield>
    </datafield>
    <datafield tag="034" ind1=" " ind2=" ">
      <subfield code="d">E012.136900</subfield>
      <subfield code="e">E012.136900</subfield>
      <subfield code="f">N051.049619</subfield>
      <subfield code="g">N051.049619</subfield>
      <subfield code="2">geonames</subfield>
      <subfield code="0">https://sws.geonames.org/2804922</subfield>
      <subfield code="9">A:dgx</subfield>
    </datafield>
    <datafield tag="035" ind1=" " ind2=" ">
      <subfield code="a">(DE-101)040675254</subfield>
    </datafield>
    <datafield tag="035" ind1=" " ind2=" ">
      <subfield code="a">(DE-588)4067525-7</subfield>
    </datafield>
    <datafield tag="035" ind1=" " ind2=" ">
      <subfield code="z">(DE-588)2026821-X</subfield>
    </datafield>
    <datafield tag="035" ind1=" " ind2=" ">
      <subfield code="z">(DE-588b)2026821-X</subfield>
      <subfield code="9">v:zg</subfield>
    </datafield>
    <datafield tag="035" ind1=" " ind2=" ">
      <subfield code="z">(DE-588c)4067525-7</subfield>
      <subfield code="9">v:zg</subfield>
    </datafield>
    <datafield tag="040" ind1=" " ind2=" ">
      <subfield code="a">DE-101</subfield>
      <subfield code="c">DE-101</subfield>
      <subfield code="9">r:DE-101</subfield>
      <subfield code="b">ger</subfield>
      <subfield code="d">1210</subfield>
      <subfield code="e">rda</subfield>
    </datafield>
    <datafield tag="042" ind1=" " ind2=" ">
      <subfield code="a">gnd1</subfield>
    </datafield>
    <datafield tag="043" ind1=" " ind2=" ">
      <subfield code="c">XA-DE-ST</subfield>
    </datafield>
    <datafield tag="075" ind1=" " ind2=" ">
      <subfield code="b">g</subfield>
      <subfield code="2">gndgen</subfield>
    </datafield>
    <datafield tag="075" ind1=" " ind2=" ">
      <subfield code="b">gik</subfield>
      <subfield code="2">gndspec</subfield>
    </datafield>
    <datafield tag="079" ind1=" " ind2=" ">
      <subfield code="a">g</subfield>
      <subfield code="q">f</subfield>
      <subfield code="q">g</subfield>
      <subfield code="q">s</subfield>
      <subfield code="u">w</subfield>
      <subfield code="u">z</subfield>
      <subfield code="u">v</subfield>
      <subfield code="u">o</subfield>
    </datafield>
    <datafield tag="083" ind1="0" ind2="4">
      <subfield code="z">2</subfield>
      <subfield code="a">431845</subfield>
      <subfield code="9">d:2</subfield>
      <subfield code="9">t:2007-01-01</subfield>
      <subfield code="2">22/ger</subfield>
    </datafield>
    <datafield tag="151" ind1=" " ind2=" ">
      <subfield code="a">Zeitz</subfield>
    </datafield>
    <datafield tag="410" ind1="2" ind2=" ">
      <subfield code="a">Zeitz</subfield>
      <subfield code="b">Rat</subfield>
      <subfield code="4">spio</subfield>
      <subfield code="4">https://d-nb.info/standards/elementset/gnd#variantName</subfield>
      <subfield code="w">r</subfield>
      <subfield code="i">Spitzenorgan</subfield>
      <subfield code="e">Spitzenorgan</subfield>
    </datafield>
    <datafield tag="410" ind1="2" ind2=" ">
      <subfield code="a">Rat</subfield>
      <subfield code="g">Zeitz</subfield>
      <subfield code="4">spio</subfield>
      <subfield code="4">https://d-nb.info/standards/elementset/gnd#variantName</subfield>
      <subfield code="w">r</subfield>
      <subfield code="i">Spitzenorgan</subfield>
      <subfield code="e">Spitzenorgan</subfield>
    </datafield>
    <datafield tag="410" ind1="2" ind2=" ">
      <subfield code="a">Zeitz</subfield>
      <subfield code="b">Abteilung Kultur</subfield>
      <subfield code="4">spio</subfield>
      <subfield code="4">https://d-nb.info/standards/elementset/gnd#variantName</subfield>
      <subfield code="w">r</subfield>
      <subfield code="i">Spitzenorgan</subfield>
      <subfield code="e">Spitzenorgan</subfield>
    </datafield>
    <datafield tag="410" ind1="2" ind2=" ">
      <subfield code="a">Abteilung Kultur</subfield>
      <subfield code="g">Zeitz</subfield>
      <subfield code="4">spio</subfield>
      <subfield code="4">https://d-nb.info/standards/elementset/gnd#variantName</subfield>
      <subfield code="w">r</subfield>
      <subfield code="i">Spitzenorgan</subfield>
      <subfield code="e">Spitzenorgan</subfield>
    </datafield>
    <datafield tag="451" ind1=" " ind2=" ">
      <subfield code="a">Stadt Zeitz</subfield>
    </datafield>
    <datafield tag="451" ind1=" " ind2=" ">
      <subfield code="a">Siza</subfield>
    </datafield>
    <datafield tag="451" ind1=" " ind2=" ">
      <subfield code="a">Ziza</subfield>
    </datafield>
    <datafield tag="451" ind1=" " ind2=" ">
      <subfield code="a">Ciza</subfield>
    </datafield>
    <datafield tag="451" ind1=" " ind2=" ">
      <subfield code="a">Cicensis</subfield>
    </datafield>
    <datafield tag="451" ind1=" " ind2=" ">
      <subfield code="a">Citica</subfield>
    </datafield>
    <datafield tag="451" ind1=" " ind2=" ">
      <subfield code="a">Citium</subfield>
    </datafield>
    <datafield tag="451" ind1=" " ind2=" ">
      <subfield code="a">Cicis</subfield>
    </datafield>
    <datafield tag="451" ind1=" " ind2=" ">
      <subfield code="a">Cyca</subfield>
    </datafield>
    <datafield tag="451" ind1=" " ind2=" ">
      <subfield code="a">Cizen</subfield>
    </datafield>
    <datafield tag="451" ind1=" " ind2=" ">
      <subfield code="a">Citicensis</subfield>
    </datafield>
    <datafield tag="667" ind1=" " ind2=" ">
      <subfield code="a">MMm</subfield>
    </datafield>
    <datafield tag="670" ind1=" " ind2=" ">
      <subfield code="a">Orts-Mü. 34 (online)</subfield>
    </datafield>
    <datafield tag="670" ind1=" " ind2=" ">
      <subfield code="a">Homepage</subfield>
      <subfield code="b">Stand: 28.08.2015</subfield>
      <subfield code="u">http://www.zeitz.de</subfield>
    </datafield>
    <datafield tag="678" ind1=" " ind2=" ">
      <subfield code="b">Stadt an der Weißen Elster, Burgenlandkreis, Sachsen-Anhalt,  (1.10.1816-30.6.1994: (Land-)Kreis Zeitz), 967 urkundl. erwähnt, 1210 Stadt genannt, 1278 Magdeburger Stadtrecht</subfield>
    </datafield>
    <datafield tag="913" ind1=" " ind2=" ">
      <subfield code="S">swd</subfield>
      <subfield code="i">g</subfield>
      <subfield code="a">Zeitz</subfield>
      <subfield code="0">(DE-588c)4067525-7</subfield>
    </datafield>
    <datafield tag="913" ind1=" " ind2=" ">
      <subfield code="S">gkd</subfield>
      <subfield code="i">a</subfield>
      <subfield code="a">Zeitz</subfield>
      <subfield code="0">(DE-588b)2026821-X</subfield>
    </datafield>
  </record>
